@article{pearson1991comprehension,
  title={Comprehension instruction},
  author={Pearson, P David and Fielding, Linda and others},
  journal={Handbook of reading research},
  volume={2},
  number={815-860},
  year={1991}
}

@article{borko1994teachers,
  title={Teachers' knowledge and beliefs about summary as a component of reading.},
  author={Borko, Hilda and Davinroy, Kathryn H and Flory, Maurene D and Hiebert, Elfrieda H},
  year={1994},
  publisher={Lawrence Erlbaum Associates, Inc}
}

@inproceedings{kabadjov2009sentiment,
  title={Sentiment intensity: Is it a good summary indicator?},
  author={Kabadjov, Mijail and Balahur, Alexandra and Boldrini, Ester},
  booktitle={Language and Technology Conference},
  pages={203--212},
  year={2009},
  organization={Springer}
}

@article{yang2003exploring,
  title={Exploring six MBA studentsâ€™ summary writing by introspection},
  author={Yang, Luxin and Shi, Ling},
  journal={Journal of English for Academic Purposes},
  volume={2},
  number={3},
  pages={165--192},
  year={2003},
  publisher={Elsevier}
}

@article{nenkova2011automatic,
  title={Automatic summarization},
  author={Nenkova, Ani and McKeown, Kathleen and others},
  journal={Foundations and Trends{\textregistered} in Information Retrieval},
  volume={5},
  number={2--3},
  pages={103--233},
  year={2011},
  publisher={Now Publishers, Inc.}
}

@incollection{jones1999automatic,
  title={Automatic summarizing: factors and directions},
  author={Jones, K Sparck},
  booktitle={Advances in automatic text summarization},
  number={1},
  pages={1--12},
  year={1998},
  publisher={MIT press Cambridge, Mass, USA}
}

@article{jones2007automatic,
  title={Automatic summarising: The state of the art},
  author={Jones, Karen Sp{\"a}rck},
  journal={Information Processing \& Management},
  volume={43},
  number={6},
  pages={1449--1481},
  year={2007},
  publisher={Elsevier}
}

@article{endres1998professional,
  title={Professional summarizing: no cognitive simulation without observation},
  author={Endres-Niggemeyer, Brigitte and Neugebauer, Elisabeth},
  journal={Journal of the American Society for Information Science},
  volume={49},
  number={6},
  pages={486--506},
  year={1998},
  publisher={Wiley Online Library}
}

@inproceedings{lin2004rouge,
	Author = {Lin, Chin-Yew},
	Booktitle = {Text summarization branches out},
	Date-Modified = {2020-02-23 12:46:28 +0100},
	Pages = {74--81},
	Title = {Rouge: A Package for Automatic Evaluation of Summaries},
	Year = {2004}}

@inproceedings{hermann2015teaching,
    title={Teaching machines to read and comprehend},
    author={Hermann, Karl Moritz and Kocisky, Tomas and Grefenstette, Edward and Espeholt, Lasse and Kay, Will and Suleyman, Mustafa and Blunsom, Phil},
    booktitle={Advances in neural information processing systems},
    pages={1693--1701},
    year={2015}
  }

@article{sandhaus2008new,
  title={The new york times annotated corpus},
  author={Sandhaus, Evan},
  journal={Linguistic Data Consortium, Philadelphia},
  volume={6},
  number={12},
  pages={e26752},
  year={2008}
}

@inproceedings{ramirez2019understanding,
	Author = {Ram{\'\i}rez, Jorge and Baez, Marcos and Casati, Fabio and Benatallah, Boualem},
	Booktitle = {HCOMP},
	Date-Modified = {2020-02-23 12:34:23 +0100},
	Number = {1},
	Pages = {144--152},
	Title = {Understanding the Impact of Text Highlighting in Crowdsourcing Tasks},
	Volume = {7},
	Year = {2019}}

  @inproceedings{alagarai2014cognitively,
  	Author = {Alagarai Sampath, Harini and Rajeshuni, Rajeev and Indurkhya, Bipin},
  	Booktitle = {CHI},
  	Date-Modified = {2020-02-23 12:37:57 +0100},
  	Organization = {ACM},
  	Pages = {3665--3674},
  	Title = {Cognitively Inspired Task Design to Improve User Performance on Crowdsourcing Platforms},
  	Year = {2014}}

  @article{wu2003improving,
  	Author = {Wu, Jen-Her and Yuan, Yufei},
  	Date-Modified = {2020-02-23 12:42:36 +0100},
  	Journal = {Information \& Management},
  	Number = {7},
  	Pages = {617--637},
  	Publisher = {Elsevier},
  	Title = {Improving Searching and Reading Performance: The Effect of Highlighting and Text Color Coding},
  	Volume = {40},
  	Year = {2003}}

  @article{hirschberg2005summaries,
    title={Do summaries help? A task-based evaluation of multi-document summarization},
    author={Hirschberg, Julia Bell and McKeown, Kathleen and Passonneau, Rebecca and Elson, David K and Nenkova, Ani},
    year={2005},
    booktitle={The 28th International ACM SIGIR Conference on Research \& Development in Information Retrieval},
  }

  @inproceedings{vaswani2017attention,
  title={Attention is all you need},
  author={Vaswani, Ashish and Shazeer, Noam and Parmar, Niki and Uszkoreit, Jakob and Jones, Llion and Gomez, Aidan N and Kaiser, {\L}ukasz and Polosukhin, Illia},
  booktitle={Advances in neural information processing systems},
  pages={5998--6008},
  year={2017}
}

@article{devlin2018bert,
  title={Bert: Pre-training of deep bidirectional transformers for language understanding},
  author={Devlin, Jacob and Chang, Ming-Wei and Lee, Kenton and Toutanova, Kristina},
  journal={arXiv preprint arXiv:1810.04805},
  year={2018}
}

@inproceedings{gehrmann2018bottom,
  title={Bottom-Up Abstractive Summarization},
  author={Gehrmann, Sebastian and Deng, Yuntian and Rush, Alexander},
  booktitle={Proceedings of the 2018 Conference on Empirical Methods in Natural Language Processing},
  pages={4098--4109},
  year={2018}
}

@article{liu2019text,
  title={Text summarization with pretrained encoders},
  author={Liu, Yang and Lapata, Mirella},
  journal={arXiv preprint arXiv:1908.08345},
  year={2019}
}

@article{see2017get,
  title={Get to the point: Summarization with pointer-generator networks},
  author={See, Abigail and Liu, Peter J and Manning, Christopher D},
  journal={arXiv preprint arXiv:1704.04368},
  year={2017}
}

@article{cheng2016neural,
  title={Neural summarization by extracting sentences and words},
  author={Cheng, Jianpeng and Lapata, Mirella},
  journal={arXiv preprint arXiv:1603.07252},
  year={2016}
}

@inproceedings{nema2017diversity,
  title={Diversity driven attention model for query-based abstractive summarization},
  author={Nema, Preksha and Khapra, Mitesh M and Laha, Anirban and Ravindran, Balaraman},
  booktitle={Proceedings of the 55th Annual Meeting of the Association for Computational Linguistics (Volume 1: Long Papers)},
  pages={1063--1072},
  year={2017}
}

@inproceedings{moro2012personalized,
  title={Personalized text summarization based on important terms identification},
  author={M{\'o}ro, R{\'o}bert and others},
  booktitle={2012 23rd International Workshop on Database and Expert Systems Applications},
  pages={131--135},
  year={2012},
  organization={IEEE}
}

@article{luhn1958automatic,
  title={The automatic creation of literature abstracts},
  author={Luhn, Hans Peter},
  journal={IBM Journal of research and development},
  volume={2},
  number={2},
  pages={159--165},
  year={1958},
  publisher={Ibm}
}

@inproceedings{nallapati2017summarunner,
	Author = {Nallapati, Ramesh and Zhai, Feifei and Zhou, Bowen},
	Booktitle = {AAAI},
	Date-Modified = {2020-02-23 12:44:32 +0100},
	Pages = {3075--3081},
	Title = {SummaRuNNer: A Recurrent Neural Network based Sequence Model for Extractive Summarization of Documents},
	Year = {2017}}

@article{narayan2018ranking,
	Author = {Narayan, Shashi and Cohen, Shay B and Lapata, Mirella},
	Date-Modified = {2020-02-23 12:43:35 +0100},
	Journal = {arXiv preprint arXiv:1802.08636},
	Title = {Ranking Sentences for Extractive Summarization with Reinforcement Learning},
	Year = {2018}}

@article{cheng2016neural,
	Author = {Cheng, Jianpeng and Lapata, Mirella},
	Journal = {arXiv preprint arXiv:1603.07252},
	Title = {Neural summarization by extracting sentences and words},
	Year = {2016}}

@article{dong2018banditsum,
	Author = {Dong, Yue and Shen, Yikang and Crawford, Eric and van Hoof, Herke and Cheung, Jackie Chi Kit},
	Date-Modified = {2020-02-23 12:40:27 +0100},
	Journal = {arXiv preprint arXiv:1809.09672},
	Title = {BanditSum: Extractive Summarization as a Contextual Bandit},
	Year = {2018}}

@article{paulus2017deep,
	Author = {Paulus, Romain and Xiong, Caiming and Socher, Richard},
	Journal = {arXiv preprint arXiv:1705.04304},
	Title = {A deep reinforced model for abstractive summarization},
	Year = {2017}}

@article{zhang2018neural,
	Author = {Zhang, Xingxing and Lapata, Mirella and Wei, Furu and Zhou, Ming},
	Journal = {arXiv preprint arXiv:1808.07187},
	Title = {Neural latent extractive document summarization},
	Year = {2018}}

@inproceedings{yasunaga2017graph,
  title={Graph-based Neural Multi-Document Summarization},
  author={Yasunaga, Michihiro and Zhang, Rui and Meelu, Kshitijh and Pareek, Ayush and Srinivasan, Krishnan and Radev, Dragomir},
  booktitle={Proceedings of the 21st Conference on Computational Natural Language Learning (CoNLL 2017)},
  pages={452--462},
  year={2017}
}

@article{wang2016sentence,
  title={A sentence compression based framework to query-focused multi-document summarization},
  author={Wang, Lu and Raghavan, Hema and Castelli, Vittorio and Florian, Radu and Cardie, Claire},
  journal={arXiv preprint arXiv:1606.07548},
  year={2016}
}

@inproceedings{hovy1998automated,
  title={Automated text summarization and the SUMMARIST system},
  author={Hovy, Eduard and Lin, Chin-Yew},
  booktitle={Proceedings of a workshop on held at Baltimore, Maryland: October 13-15, 1998},
  pages={197--214},
  year={1998},
  organization={Association for Computational Linguistics}
}

@article{aries2019automatic,
  title={Automatic text summarization: What has been done and what has to be done},
  author={Aries, Abdelkrime and Hidouci, Walid Khaled and others},
  journal={arXiv preprint arXiv:1904.00688},
  year={2019}
}

@article{dong2018survey,
  title={A survey on neural network-based summarization methods},
  author={Dong, Yue},
  journal={arXiv preprint arXiv:1804.04589},
  year={2018}
}

@article{rush2015neural,
  title={A neural attention model for abstractive sentence summarization},
  author={Rush, Alexander M and Chopra, Sumit and Weston, Jason},
  journal={arXiv preprint arXiv:1509.00685},
  year={2015}
}

@inproceedings{chopra2016abstractive,
  title={Abstractive sentence summarization with attentive recurrent neural networks},
  author={Chopra, Sumit and Auli, Michael and Rush, Alexander M},
  booktitle={Proceedings of the 2016 Conference of the North American Chapter of the Association for Computational Linguistics: Human Language Technologies},
  pages={93--98},
  year={2016}
}

@inproceedings{xu2013preliminary,
  title={A preliminary study of tweet summarization using information extraction},
  author={Xu, Wei and Grishman, Ralph and Meyers, Adam and Ritter, Alan},
  booktitle={Proceedings of the Workshop on Language Analysis in Social Media},
  pages={20--29},
  year={2013}
}

@article{zhu2018msmo,
  title={MSMO: multimodal summarization with multimodal output},
  author={Zhu, Junnan and Li, Haoran and Liu, Tianshang and Zhou, Yu and Zhang, Jiajun and Zong, Chengqing and others},
  year={2018}
}

@article{sandhaus2008new,
	Author = {Sandhaus, Evan},
	Date-Modified = {2020-02-23 12:36:27 +0100},
	Journal = {Linguistic Data Consortium, Philadelphia},
	Number = {12},
	Pages = {e26752},
	Title = {The New York Times Annotated Corpus},
	Volume = {6},
	Year = {2008}}

@inproceedings{hermann2015teaching,
	Author = {Hermann, Karl Moritz and Kocisky, Tomas and Grefenstette, Edward and Espeholt, Lasse and Kay, Will and Suleyman, Mustafa and Blunsom, Phil},
	Booktitle = {NIPS},
	Date-Modified = {2020-02-23 12:31:49 +0100},
	Pages = {1693--1701},
	Title = {Teaching Machines to Read and Comprehend},
	Year = {2015}}

@article{narayan2018don,
  title={Don't give me the details, just the summary! topic-aware convolutional neural networks for extreme summarization},
  author={Narayan, Shashi and Cohen, Shay B and Lapata, Mirella},
  journal={arXiv preprint arXiv:1808.08745},
  year={2018}
}

@article{koupaee2018wikihow,
  title={Wikihow: A large scale text summarization dataset},
  author={Koupaee, Mahnaz and Wang, William Yang},
  journal={arXiv preprint arXiv:1810.09305},
  year={2018}
}

@article{kim2018abstractive,
  title={Abstractive summarization of reddit posts with multi-level memory networks},
  author={Kim, Byeongchang and Kim, Hyunwoo and Kim, Gunhee},
  journal={arXiv preprint arXiv:1811.00783},
  year={2018}
}

@article{hu2015lcsts,
  title={Lcsts: A large scale chinese short text summarization dataset},
  author={Hu, Baotian and Chen, Qingcai and Zhu, Fangze},
  journal={arXiv preprint arXiv:1506.05865},
  year={2015}
}

@inproceedings{litvak2017query,
  title={Query-based summarization using MDL principle},
  author={Litvak, Marina and Vanetik, Natalia},
  booktitle={Proceedings of the multiling 2017 workshop on summarization and summary evaluation across source types and genres},
  pages={22--31},
  year={2017}
}

@inproceedings{ter2020conversations,
  title={Conversations with Documents: An Exploration of Document-Centered Assistance},
  author={ter Hoeve, Maartje and Sim, Robert and Nouri, Elnaz and Fourney, Adam and de Rijke, Maarten and White, Ryen W},
  booktitle={Proceedings of the 2020 Conference on Human Information Interaction and Retrieval},
  pages={43--52},
  year={2020}
}

@article{wang2020asking,
  title={Asking and Answering Questions to Evaluate the Factual Consistency of Summaries},
  author={Wang, Alex and Cho, Kyunghyun and Lewis, Mike},
  journal={arXiv preprint arXiv:2004.04228},
  year={2020}
}

@inproceedings{goodrich2019assessing,
  title={Assessing the factual accuracy of generated text},
  author={Goodrich, Ben and Rao, Vinay and Liu, Peter J and Saleh, Mohammad},
  booktitle={Proceedings of the 25th ACM SIGKDD International Conference on Knowledge Discovery \& Data Mining},
  pages={166--175},
  year={2019}
}

@inproceedings{nenkova2004evaluating,
  title={Evaluating content selection in summarization: The pyramid method},
  author={Nenkova, Ani and Passonneau, Rebecca J},
  booktitle={Proceedings of the human language technology conference of the north american chapter of the association for computational linguistics: Hlt-naacl 2004},
  pages={145--152},
  year={2004}
}

@book{mani2001automatic,
  title={Automatic summarization},
  author={Mani, Inderjeet},
  volume={3},
  year={2001},
  publisher={John Benjamins Publishing}
}

@inproceedings{dorr2005methodology,
  title={A methodology for extrinsic evaluation of text summarization: does ROUGE correlate?},
  author={Dorr, Bonnie and Monz, Christof and President, Stacy and Schwartz, Richard and Zajic, David},
  booktitle={Proceedings of the ACL Workshop on Intrinsic and Extrinsic Evaluation Measures for Machine Translation and/or Summarization},
  pages={1--8},
  year={2005}
}

@article{mani2001evaluation,
  title={Summarization evaluation: An overview},
  author={Mani, Inderjeet},
  year={2001},
  publisher={Citeseer}
}

@article{zhang2019bertscore,
  title={Bertscore: Evaluating text generation with bert},
  author={Zhang, Tianyi and Kishore, Varsha and Wu, Felix and Weinberger, Kilian Q and Artzi, Yoav},
  journal={arXiv preprint arXiv:1904.09675},
  year={2019}
}

@article{duc2003,
  author={DUC},
  title={DUC 2003: Documents, Tasks, and Measures},
  year={2003}
}

@article{morris1992effects,
  title={The effects and limitations of automated text condensing on reading comprehension performance},
  author={Morris, Andrew H and Kasper, George M and Adams, Dennis A},
  journal={Information Systems Research},
  volume={3},
  number={1},
  pages={17--35},
  year={1992},
  publisher={INFORMS}
}

@inproceedings{uzzaman2011multimodal,
  title={Multimodal summarization of complex sentences},
  author={UzZaman, Naushad and Bigham, Jeffrey P and Allen, James F},
  booktitle={Proceedings of the 16th international conference on Intelligent user interfaces},
  pages={43--52},
  year={2011}
}

@article{borlund2003iir,
  title={The IIR evaluation model: a framework for evaluation of interactive information retrieval systems},
  author={Borlund, Pia},
  journal={Information research},
  volume={8},
  number={3},
  pages={8--3},
  year={2003}
}

@article{borlund2016study,
  title={A study of the use of simulated work task situations in interactive information retrieval evaluations},
  author={Borlund, Pia},
  journal={Journal of Documentation},
  volume={72},
  number={3},
  pages={394--413},
  year={2016},
  publisher={Emerald Group Publishing Limited}
}

@inproceedings{volske2017tl,
  title={Tl; dr: Mining reddit to learn automatic summarization},
  author={V{\"o}lske, Michael and Potthast, Martin and Syed, Shahbaz and Stein, Benno},
  booktitle={Proceedings of the Workshop on New Frontiers in Summarization},
  pages={59--63},
  year={2017}
}

@article{cohan2018discourse,
  title={A discourse-aware attention model for abstractive summarization of long documents},
  author={Cohan, Arman and Dernoncourt, Franck and Kim, Doo Soon and Bui, Trung and Kim, Seokhwan and Chang, Walter and Goharian, Nazli},
  journal={arXiv preprint arXiv:1804.05685},
  year={2018}
}

@inproceedings{tan2017abstractive,
  title={Abstractive document summarization with a graph-based attentional neural model},
  author={Tan, Jiwei and Wan, Xiaojun and Xiao, Jianguo},
  booktitle={Proceedings of the 55th Annual Meeting of the Association for Computational Linguistics (Volume 1: Long Papers)},
  pages={1171--1181},
  year={2017}
}

@article{yasunaga2017graph,
  title={Graph-based neural multi-document summarization},
  author={Yasunaga, Michihiro and Zhang, Rui and Meelu, Kshitijh and Pareek, Ayush and Srinivasan, Krishnan and Radev, Dragomir},
  journal={arXiv preprint arXiv:1706.06681},
  year={2017}
}

@article{zhang2020tabular,
  title={Summarizing and Exploring Tabular Data in Conversational Search},
  author={Zhang, Shuo and Dai, Zhuyun and Balog, Krisztian and Callan, Jamie},
  journal={arXiv preprint arXiv:2005:11490},
  year={2020}
}

@inproceedings{cao2018retrieve,
  title={Retrieve, rerank and rewrite: Soft template based neural summarization},
  author={Cao, Ziqiang and Li, Wenjie and Li, Sujian and Wei, Furu},
  booktitle={Proceedings of the 56th Annual Meeting of the Association for Computational Linguistics (Volume 1: Long Papers)},
  pages={152--161},
  year={2018}
}

@article{song2019controlling,
  title={Controlling the Amount of Verbatim Copying in Abstractive Summarization},
  author={Song, Kaiqiang and Wang, Bingqing and Feng, Zhe and Ren, Liu and Liu, Fei},
  journal={arXiv preprint arXiv:1911.10390},
  year={2019}
}

@article{durmus2020feqa,
  title={FEQA: A Question Answering Evaluation Framework for Faithfulness Assessment in Abstractive Summarization},
  author={Durmus, Esin and He, He and Diab, Mona},
  journal={arXiv preprint arXiv:2005.03754},
  year={2020}
}

@inproceedings{xu-etal-2020-discourse,
    title = {Discourse-Aware Neural Extractive Text Summarization},
    author = {Xu, Jiacheng and Gan, Zhe and Cheng, Yu and Liu, Jingjing},
    booktitle = "Proceedings of the 58th Annual Meeting of the Association for Computational Linguistics",
    year = {2020},
    publisher = "Association for Computational Linguistics"
}

@article{liu2018generating,
  title={Generating wikipedia by summarizing long sequences},
  author={Liu, Peter J and Saleh, Mohammad and Pot, Etienne and Goodrich, Ben and Sepassi, Ryan and Kaiser, Lukasz and Shazeer, Noam},
  journal={arXiv preprint arXiv:1801.10198},
  year={2018}
}

@article{bar2020arguments,
  title={From Arguments to Key Points: Towards Automatic Argument Summarization},
  author={Bar-Haim, Roy and Eden, Lilach and Friedman, Roni and Kantor, Yoav and Lahav, Dan and Slonim, Noam},
  journal={arXiv preprint arXiv:2005.01619},
  year={2020}
}

@article{papalampidi2020screenplay,
  title={Screenplay Summarization Using Latent Narrative Structure},
  author={Papalampidi, Pinelopi and Keller, Frank and Frermann, Lea and Lapata, Mirella},
  journal={arXiv preprint arXiv:2004.12727},
  year={2020}
}

@article{amplayo2020unsupervised,
  title={Unsupervised Opinion Summarization with Noising and Denoising},
  author={Amplayo, Reinald Kim and Lapata, Mirella},
  journal={arXiv preprint arXiv:2004.10150},
  year={2020}
}

@article{falke2017bringing,
  title={Bringing structure into summaries: Crowdsourcing a benchmark corpus of concept maps},
  author={Falke, Tobias and Gurevych, Iryna},
  journal={arXiv preprint arXiv:1704.04452},
  year={2017}
}

@inproceedings{riccardi2015sensei,
  title={The sensei project: Making sense of human conversations},
  author={Riccardi, Giuseppe and Bechet, Frederic and Danieli, Morena and Favre, Benoit and Gaizauskas, Robert and Kruschwitz, Udo and Poesio, Massimo},
  booktitle={International Workshop on Future and Emerging Trends in Language Technology},
  pages={10--33},
  year={2015},
  organization={Springer}
}

@article{ladhak2020wikilingua,
  title={WikiLingua: A New Benchmark Dataset for Cross-Lingual Abstractive Summarization},
  author={Ladhak, Faisal and Durmus, Esin and Cardie, Claire and McKeown, Kathleen},
  journal={arXiv preprint arXiv:2010.03093},
  year={2020}
}

@article{wu2020extracting,
  title={Extracting Summary Knowledge Graphs from Long Documents},
  author={Wu, Zeqiu and Koncel-Kedziorski, Rik and Ostendorf, Mari and Hajishirzi, Hannaneh},
  journal={arXiv preprint arXiv:2009.09162},
  year={2020}
}

@article{deng2020multi,
  title={Multi-hop Inference for Question-driven Summarization},
  author={Deng, Yang and Zhang, Wenxuan and Lam, Wai},
  journal={arXiv preprint arXiv:2010.03738},
  year={2020}
}

@inproceedings{vtyurina2017exploring,
  title={Exploring conversational search with humans, assistants, and wizards},
  author={Vtyurina, Alexandra and Savenkov, Denis and Agichtein, Eugene and Clarke, Charles LA},
  booktitle={Proceedings of the 2017 CHI Conference Extended Abstracts on Human Factors in Computing Systems},
  pages={2187--2193},
  year={2017}
}

@article{reder1980comparison,
  title={A comparison of texts and their summaries: Memorial consequences},
  author={Reder, Lynne M and Anderson, John R},
  journal={Journal of Verbal Learning and Verbal Behavior},
  volume={19},
  number={2},
  pages={121--134},
  year={1980},
  publisher={Elsevier}
}

@article{hashim2018application,
  title={Application of technology in the digital era education},
  author={Hashim, Harwati},
  journal={International Journal of Research in Counseling and Education},
  volume={2},
  number={1},
  pages={1--5},
  year={2018}
}

@article{amhag2019teacher,
  title={Teacher educators' use of digital tools and needs for digital competence in higher education},
  author={Amhag, Lisbeth and Hellstr{\"o}m, Lisa and Stigmar, Martin},
  journal={Journal of Digital Learning in Teacher Education},
  volume={35},
  number={4},
  pages={203--220},
  year={2019},
  publisher={Taylor \& Francis}
}

@article{luckin2012decoding,
  title={Decoding learning: The proof, promise and potential of digital education},
  author={Luckin, Rosemary and Bligh, Brett and Manches, Andrew and Ainsworth, Shaaron and Crook, Charles and Noss, Richard},
  year={2012},
  publisher={Nesta}
}

@article{spirgel2016does,
  title={Does writing summaries improve memory for text?},
  author={Spirgel, Arie S and Delaney, Peter F},
  journal={Educational Psychology Review},
  volume={28},
  number={1},
  pages={171--196},
  year={2016},
  publisher={Springer}
}

@article{radmacher1995summary,
  title={Summary writing: A tool to improve student comprehension and writing in psychology},
  author={Radmacher, Sally A and Latosi-Sawin, Elizabeth},
  journal={Teaching of Psychology},
  volume={22},
  number={2},
  pages={113--115},
  year={1995},
  publisher={Taylor \& Francis}
}

@article{anderson2008delayed,
  title={Why do delayed summaries improve metacomprehension accuracy?},
  author={Anderson, Mary CM and Thiede, Keith W},
  journal={Acta psychologica},
  volume={128},
  number={1},
  pages={110--118},
  year={2008},
  publisher={Elsevier}
}

@article{lewis2019bart,
  title={Bart: Denoising sequence-to-sequence pre-training for natural language generation, translation, and comprehension},
  author={Lewis, Mike and Liu, Yinhan and Goyal, Naman and Ghazvininejad, Marjan and Mohamed, Abdelrahman and Levy, Omer and Stoyanov, Ves and Zettlemoyer, Luke},
  journal={arXiv preprint arXiv:1910.13461},
  year={2019}
}

@article{liu2018generating,
  title={Generating wikipedia by summarizing long sequences},
  author={Liu, Peter J and Saleh, Mohammad and Pot, Etienne and Goodrich, Ben and Sepassi, Ryan and Kaiser, Lukasz and Shazeer, Noam},
  journal={arXiv preprint arXiv:1801.10198},
  year={2018}
}
